@article{simonyan2004fisher,
  title={Fisher Vector Faces in the Wild},
  author={Simonyan, Karen and Parkhi, Omkar M and Vedaldi, Andrea and Zisserman, Andrew},
  journal={IJCV},
  volume={60},
  number={2},
  pages={91--110},
  year={2004}
}

@article{labelledfaces,
  title={E.: Labeled faces in the wild: A database for studying face recognition in unconstrained environments},
  author={Huang, Gary B and Mattar, Marwan and Berg, Tamara and Learned-Miller, Erik},
  year={2007}
}

@inproceedings{openimaj,
 author = {Hare, Jonathon S. and Samangooei, Sina and Dupplaw, David P.},
 title = {OpenIMAJ and ImageTerrier: Java libraries and tools for scalable multimedia analysis and indexing of images},
 booktitle = {Proceedings of the 19th ACM international conference on Multimedia},
 series = {MM '11},
 year = {2011},
 isbn = {978-1-4503-0616-4},
 location = {Scottsdale, Arizona, USA},
 pages = {691--694},
 numpages = {4},
 url = {http://doi.acm.org/10.1145/2072298.2072421},
 doi = {10.1145/2072298.2072421},
 acmid = {2072421},
 publisher = {ACM},
 address = {New York, NY, USA}
}

@article{denseSift,
 author = {Lowe, David G.},
 title = {Distinctive Image Features from Scale-Invariant Keypoints},
 journal = {Int. J. Comput. Vision},
 volume = {60},
 number = {2},
 month = {nov},
 year = {2004},
 issn = {0920-5691},
 pages = {91--110},
 numpages = {20},
 url = {http://dx.doi.org/10.1023/B:VISI.0000029664.99615.94},
 doi = {10.1023/B:VISI.0000029664.99615.94},
 acmid = {996342},
 publisher = {Kluwer Academic Publishers},
 address = {Hingham, MA, USA},
 keywords = {image matching, invariant features, object recognition, scale invariance}
} 

@incollection{improvingFisher,
  title={Improving the fisher kernel for large-scale image classification},
  author={Perronnin, Florent and S{\'a}nchez, Jorge and Mensink, Thomas},
  booktitle={Computer Vision--ECCV 2010},
  pages={143--156},
  year={2010},
  publisher={Springer}
}

@article{highlbpsift,
  title={Blessing of Dimensionality: High-dimensional Feature and Its Efficient Compression for Face Verification},
  author={Chen, Dong and Cao, Xudong and Wen, Fang and Sun, Jian},
  journal = {Int. J. Comput. Vision},
  year={2004}
}
